%YAML 1.1
%TAG !u! tag:unity3d.com,2011:
--- !u!29 &1
OcclusionCullingSettings:
  m_ObjectHideFlags: 0
  serializedVersion: 2
  m_OcclusionBakeSettings:
    smallestOccluder: 5
    smallestHole: 0.25
    backfaceThreshold: 100
  m_SceneGUID: 00000000000000000000000000000000
  m_OcclusionCullingData: {fileID: 0}
--- !u!104 &2
RenderSettings:
  m_ObjectHideFlags: 0
  serializedVersion: 8
  m_Fog: 0
  m_FogColor: {r: 0.5, g: 0.5, b: 0.5, a: 1}
  m_FogMode: 3
  m_FogDensity: 0.01
  m_LinearFogStart: 0
  m_LinearFogEnd: 300
  m_AmbientSkyColor: {r: 0.212, g: 0.227, b: 0.259, a: 1}
  m_AmbientEquatorColor: {r: 0.114, g: 0.125, b: 0.133, a: 1}
  m_AmbientGroundColor: {r: 0.047, g: 0.043, b: 0.035, a: 1}
  m_AmbientIntensity: 1
  m_AmbientMode: 0
  m_SubtractiveShadowColor: {r: 0.42, g: 0.478, b: 0.627, a: 1}
  m_SkyboxMaterial: {fileID: 10304, guid: 0000000000000000f000000000000000, type: 0}
  m_HaloStrength: 0.5
  m_FlareStrength: 1
  m_FlareFadeSpeed: 3
  m_HaloTexture: {fileID: 0}
  m_SpotCookie: {fileID: 10001, guid: 0000000000000000e000000000000000, type: 0}
  m_DefaultReflectionMode: 0
  m_DefaultReflectionResolution: 128
  m_ReflectionBounces: 1
  m_ReflectionIntensity: 1
  m_CustomReflection: {fileID: 0}
  m_Sun: {fileID: 0}
  m_IndirectSpecularColor: {r: 0.18028378, g: 0.22571412, b: 0.30692285, a: 1}
--- !u!157 &3
LightmapSettings:
  m_ObjectHideFlags: 0
  serializedVersion: 9
  m_GIWorkflowMode: 0
  m_GISettings:
    serializedVersion: 2
    m_BounceScale: 1
    m_IndirectOutputScale: 1
    m_AlbedoBoost: 1
    m_TemporalCoherenceThreshold: 1
    m_EnvironmentLightingMode: 0
    m_EnableBakedLightmaps: 1
    m_EnableRealtimeLightmaps: 1
  m_LightmapEditorSettings:
    serializedVersion: 8
    m_Resolution: 2
    m_BakeResolution: 40
    m_TextureWidth: 1024
    m_TextureHeight: 1024
    m_AO: 0
    m_AOMaxDistance: 1
    m_CompAOExponent: 1
    m_CompAOExponentDirect: 0
    m_Padding: 2
    m_LightmapParameters: {fileID: 0}
    m_LightmapsBakeMode: 1
    m_TextureCompression: 1
    m_FinalGather: 0
    m_FinalGatherFiltering: 1
    m_FinalGatherRayCount: 256
    m_ReflectionCompression: 2
    m_MixedBakeMode: 3
    m_BakeBackend: 0
    m_PVRSampling: 1
    m_PVRDirectSampleCount: 32
    m_PVRSampleCount: 500
    m_PVRBounces: 2
    m_PVRFiltering: 0
    m_PVRFilteringMode: 1
    m_PVRCulling: 1
    m_PVRFilteringGaussRadiusDirect: 1
    m_PVRFilteringGaussRadiusIndirect: 5
    m_PVRFilteringGaussRadiusAO: 2
    m_PVRFilteringAtrousColorSigma: 1
    m_PVRFilteringAtrousNormalSigma: 1
    m_PVRFilteringAtrousPositionSigma: 1
  m_LightingDataAsset: {fileID: 0}
  m_ShadowMaskMode: 2
--- !u!196 &4
NavMeshSettings:
  serializedVersion: 2
  m_ObjectHideFlags: 0
  m_BuildSettings:
    serializedVersion: 2
    agentTypeID: 0
    agentRadius: 0.5
    agentHeight: 2
    agentSlope: 45
    agentClimb: 0.4
    ledgeDropHeight: 0
    maxJumpAcrossDistance: 0
    minRegionArea: 2
    manualCellSize: 0
    cellSize: 0.16666667
    manualTileSize: 0
    tileSize: 256
    accuratePlacement: 0
  m_NavMeshData: {fileID: 0}
--- !u!4 &242066363 stripped
Transform:
  m_PrefabParentObject: {fileID: 402434, guid: 4d293c8e162f3874b982baadd71153d2, type: 2}
  m_PrefabInternal: {fileID: 819646862}
--- !u!1001 &253770270
Prefab:
  m_ObjectHideFlags: 0
  serializedVersion: 2
  m_Modification:
    m_TransformParent: {fileID: 0}
    m_Modifications:
    - target: {fileID: 4244796402347136, guid: a7633dea0e88a9d4ab7b24266d5ba7aa, type: 2}
      propertyPath: m_LocalPosition.x
      value: -0.28
      objectReference: {fileID: 0}
    - target: {fileID: 4244796402347136, guid: a7633dea0e88a9d4ab7b24266d5ba7aa, type: 2}
      propertyPath: m_LocalPosition.y
      value: 0.6
      objectReference: {fileID: 0}
    - target: {fileID: 4244796402347136, guid: a7633dea0e88a9d4ab7b24266d5ba7aa, type: 2}
      propertyPath: m_LocalPosition.z
      value: 0.55
      objectReference: {fileID: 0}
    - target: {fileID: 4244796402347136, guid: a7633dea0e88a9d4ab7b24266d5ba7aa, type: 2}
      propertyPath: m_LocalRotation.x
      value: -0
      objectReference: {fileID: 0}
    - target: {fileID: 4244796402347136, guid: a7633dea0e88a9d4ab7b24266d5ba7aa, type: 2}
      propertyPath: m_LocalRotation.y
      value: -0
      objectReference: {fileID: 0}
    - target: {fileID: 4244796402347136, guid: a7633dea0e88a9d4ab7b24266d5ba7aa, type: 2}
      propertyPath: m_LocalRotation.z
      value: -0
      objectReference: {fileID: 0}
    - target: {fileID: 4244796402347136, guid: a7633dea0e88a9d4ab7b24266d5ba7aa, type: 2}
      propertyPath: m_LocalRotation.w
      value: 1
      objectReference: {fileID: 0}
    - target: {fileID: 4244796402347136, guid: a7633dea0e88a9d4ab7b24266d5ba7aa, type: 2}
      propertyPath: m_RootOrder
      value: 7
      objectReference: {fileID: 0}
    - target: {fileID: 1435576565161976, guid: a7633dea0e88a9d4ab7b24266d5ba7aa, type: 2}
      propertyPath: m_Name
      value: Drum (1)
      objectReference: {fileID: 0}
    - target: {fileID: 65484279682943640, guid: a7633dea0e88a9d4ab7b24266d5ba7aa,
        type: 2}
      propertyPath: m_IsTrigger
      value: 1
      objectReference: {fileID: 0}
    - target: {fileID: 4244796402347136, guid: a7633dea0e88a9d4ab7b24266d5ba7aa, type: 2}
      propertyPath: m_LocalScale.x
      value: 0.8
      objectReference: {fileID: 0}
    - target: {fileID: 4244796402347136, guid: a7633dea0e88a9d4ab7b24266d5ba7aa, type: 2}
      propertyPath: m_LocalScale.y
      value: 0.8
      objectReference: {fileID: 0}
    - target: {fileID: 4244796402347136, guid: a7633dea0e88a9d4ab7b24266d5ba7aa, type: 2}
      propertyPath: m_LocalScale.z
      value: 0.8
      objectReference: {fileID: 0}
    m_RemovedComponents:
    - {fileID: 0}
    - {fileID: 114034683369423400, guid: a7633dea0e88a9d4ab7b24266d5ba7aa, type: 2}
  m_ParentPrefab: {fileID: 100100000, guid: a7633dea0e88a9d4ab7b24266d5ba7aa, type: 2}
  m_IsPrefabParent: 0
--- !u!1 &253770271 stripped
GameObject:
  m_PrefabParentObject: {fileID: 1995979100596960, guid: a7633dea0e88a9d4ab7b24266d5ba7aa,
    type: 2}
  m_PrefabInternal: {fileID: 253770270}
--- !u!114 &253770272
MonoBehaviour:
  m_ObjectHideFlags: 0
  m_PrefabParentObject: {fileID: 0}
  m_PrefabInternal: {fileID: 0}
  m_GameObject: {fileID: 253770271}
  m_Enabled: 1
  m_EditorHideFlags: 0
  m_Script: {fileID: 11500000, guid: 755aedd0f5d427640b7b7d548ac5e83e, type: 3}
  m_Name: 
  m_EditorClassIdentifier: 
  laneManager: {fileID: 1794062799}
--- !u!54 &253770273
Rigidbody:
  m_ObjectHideFlags: 0
  m_PrefabParentObject: {fileID: 0}
  m_PrefabInternal: {fileID: 0}
  m_GameObject: {fileID: 253770271}
  serializedVersion: 2
  m_Mass: 1
  m_Drag: 0
  m_AngularDrag: 0.05
  m_UseGravity: 0
  m_IsKinematic: 1
  m_Interpolate: 0
  m_Constraints: 0
  m_CollisionDetection: 0
--- !u!114 &419390976 stripped
MonoBehaviour:
  m_PrefabParentObject: {fileID: 114733341153257056, guid: b30afde98bc41a444b20e6a2c872d2b2,
    type: 2}
  m_PrefabInternal: {fileID: 743853055}
  m_Script: {fileID: 11500000, guid: 882c0b74cfead984aa6388edfc6d84fe, type: 3}
--- !u!1001 &577068447
Prefab:
  m_ObjectHideFlags: 0
  serializedVersion: 2
  m_Modification:
    m_TransformParent: {fileID: 1165371688}
    m_Modifications:
    - target: {fileID: 4306573865731590, guid: f9d8a43590b5a9f4a9ae08003db0cf2c, type: 2}
      propertyPath: m_LocalPosition.x
      value: 0.009
      objectReference: {fileID: 0}
    - target: {fileID: 4306573865731590, guid: f9d8a43590b5a9f4a9ae08003db0cf2c, type: 2}
      propertyPath: m_LocalPosition.y
      value: -0.066
      objectReference: {fileID: 0}
    - target: {fileID: 4306573865731590, guid: f9d8a43590b5a9f4a9ae08003db0cf2c, type: 2}
      propertyPath: m_LocalPosition.z
      value: -0.184
      objectReference: {fileID: 0}
    - target: {fileID: 4306573865731590, guid: f9d8a43590b5a9f4a9ae08003db0cf2c, type: 2}
      propertyPath: m_LocalRotation.x
      value: 0.63592356
      objectReference: {fileID: 0}
    - target: {fileID: 4306573865731590, guid: f9d8a43590b5a9f4a9ae08003db0cf2c, type: 2}
      propertyPath: m_LocalRotation.y
      value: -0.1837658
      objectReference: {fileID: 0}
    - target: {fileID: 4306573865731590, guid: f9d8a43590b5a9f4a9ae08003db0cf2c, type: 2}
      propertyPath: m_LocalRotation.z
      value: -0.18262756
      objectReference: {fileID: 0}
    - target: {fileID: 4306573865731590, guid: f9d8a43590b5a9f4a9ae08003db0cf2c, type: 2}
      propertyPath: m_LocalRotation.w
      value: 0.7269653
      objectReference: {fileID: 0}
    - target: {fileID: 4306573865731590, guid: f9d8a43590b5a9f4a9ae08003db0cf2c, type: 2}
      propertyPath: m_RootOrder
      value: 1
      objectReference: {fileID: 0}
    - target: {fileID: 96034898326575922, guid: f9d8a43590b5a9f4a9ae08003db0cf2c,
        type: 2}
      propertyPath: m_Materials.Array.data[0]
      value: 
      objectReference: {fileID: 2100000, guid: 4625c276e5c7c9b46a49d34d2eff60f9, type: 2}
    m_RemovedComponents: []
  m_ParentPrefab: {fileID: 100100000, guid: f9d8a43590b5a9f4a9ae08003db0cf2c, type: 2}
  m_IsPrefabParent: 0
--- !u!1001 &590404130
Prefab:
  m_ObjectHideFlags: 0
  serializedVersion: 2
  m_Modification:
    m_TransformParent: {fileID: 0}
    m_Modifications:
    - target: {fileID: 4642076455323656, guid: b30afde98bc41a444b20e6a2c872d2b2, type: 2}
      propertyPath: m_LocalPosition.x
      value: 0.95
      objectReference: {fileID: 0}
    - target: {fileID: 4642076455323656, guid: b30afde98bc41a444b20e6a2c872d2b2, type: 2}
      propertyPath: m_LocalPosition.y
      value: 0
      objectReference: {fileID: 0}
    - target: {fileID: 4642076455323656, guid: b30afde98bc41a444b20e6a2c872d2b2, type: 2}
      propertyPath: m_LocalPosition.z
      value: 0.45
      objectReference: {fileID: 0}
    - target: {fileID: 4642076455323656, guid: b30afde98bc41a444b20e6a2c872d2b2, type: 2}
      propertyPath: m_LocalRotation.x
      value: 0
      objectReference: {fileID: 0}
    - target: {fileID: 4642076455323656, guid: b30afde98bc41a444b20e6a2c872d2b2, type: 2}
      propertyPath: m_LocalRotation.y
      value: 0.5735764
      objectReference: {fileID: 0}
    - target: {fileID: 4642076455323656, guid: b30afde98bc41a444b20e6a2c872d2b2, type: 2}
      propertyPath: m_LocalRotation.z
      value: 0
      objectReference: {fileID: 0}
    - target: {fileID: 4642076455323656, guid: b30afde98bc41a444b20e6a2c872d2b2, type: 2}
      propertyPath: m_LocalRotation.w
      value: 0.8191521
      objectReference: {fileID: 0}
    - target: {fileID: 4642076455323656, guid: b30afde98bc41a444b20e6a2c872d2b2, type: 2}
      propertyPath: m_RootOrder
      value: 5
      objectReference: {fileID: 0}
    - target: {fileID: 1305546077968018, guid: b30afde98bc41a444b20e6a2c872d2b2, type: 2}
      propertyPath: m_Name
      value: Lane (3)
      objectReference: {fileID: 0}
    - target: {fileID: 4642076455323656, guid: b30afde98bc41a444b20e6a2c872d2b2, type: 2}
      propertyPath: m_LocalEulerAnglesHint.y
      value: 70
      objectReference: {fileID: 0}
    - target: {fileID: 4642076455323656, guid: b30afde98bc41a444b20e6a2c872d2b2, type: 2}
      propertyPath: m_LocalScale.x
      value: 0.8
      objectReference: {fileID: 0}
    - target: {fileID: 4642076455323656, guid: b30afde98bc41a444b20e6a2c872d2b2, type: 2}
      propertyPath: m_LocalScale.y
      value: 0.8
      objectReference: {fileID: 0}
    - target: {fileID: 4642076455323656, guid: b30afde98bc41a444b20e6a2c872d2b2, type: 2}
      propertyPath: m_LocalScale.z
      value: 0.8
      objectReference: {fileID: 0}
    m_RemovedComponents: []
  m_ParentPrefab: {fileID: 100100000, guid: b30afde98bc41a444b20e6a2c872d2b2, type: 2}
  m_IsPrefabParent: 0
--- !u!1001 &640691411
Prefab:
  m_ObjectHideFlags: 0
  serializedVersion: 2
  m_Modification:
    m_TransformParent: {fileID: 242066363}
    m_Modifications:
    - target: {fileID: 4306573865731590, guid: f9d8a43590b5a9f4a9ae08003db0cf2c, type: 2}
      propertyPath: m_LocalPosition.x
      value: 0.009
      objectReference: {fileID: 0}
    - target: {fileID: 4306573865731590, guid: f9d8a43590b5a9f4a9ae08003db0cf2c, type: 2}
      propertyPath: m_LocalPosition.y
      value: -0.066
      objectReference: {fileID: 0}
    - target: {fileID: 4306573865731590, guid: f9d8a43590b5a9f4a9ae08003db0cf2c, type: 2}
      propertyPath: m_LocalPosition.z
      value: -0.184
      objectReference: {fileID: 0}
    - target: {fileID: 4306573865731590, guid: f9d8a43590b5a9f4a9ae08003db0cf2c, type: 2}
      propertyPath: m_LocalRotation.x
      value: 0.63592356
      objectReference: {fileID: 0}
    - target: {fileID: 4306573865731590, guid: f9d8a43590b5a9f4a9ae08003db0cf2c, type: 2}
      propertyPath: m_LocalRotation.y
      value: -0.1837658
      objectReference: {fileID: 0}
    - target: {fileID: 4306573865731590, guid: f9d8a43590b5a9f4a9ae08003db0cf2c, type: 2}
      propertyPath: m_LocalRotation.z
      value: -0.18262756
      objectReference: {fileID: 0}
    - target: {fileID: 4306573865731590, guid: f9d8a43590b5a9f4a9ae08003db0cf2c, type: 2}
      propertyPath: m_LocalRotation.w
      value: 0.7269653
      objectReference: {fileID: 0}
    - target: {fileID: 4306573865731590, guid: f9d8a43590b5a9f4a9ae08003db0cf2c, type: 2}
      propertyPath: m_RootOrder
      value: 1
      objectReference: {fileID: 0}
    m_RemovedComponents: []
  m_ParentPrefab: {fileID: 100100000, guid: f9d8a43590b5a9f4a9ae08003db0cf2c, type: 2}
  m_IsPrefabParent: 0
--- !u!1001 &665193187
Prefab:
  m_ObjectHideFlags: 0
  serializedVersion: 2
  m_Modification:
    m_TransformParent: {fileID: 0}
    m_Modifications:
    - target: {fileID: 4244796402347136, guid: a7633dea0e88a9d4ab7b24266d5ba7aa, type: 2}
      propertyPath: m_LocalPosition.x
      value: 0.28
      objectReference: {fileID: 0}
    - target: {fileID: 4244796402347136, guid: a7633dea0e88a9d4ab7b24266d5ba7aa, type: 2}
      propertyPath: m_LocalPosition.y
      value: 0.6
      objectReference: {fileID: 0}
    - target: {fileID: 4244796402347136, guid: a7633dea0e88a9d4ab7b24266d5ba7aa, type: 2}
      propertyPath: m_LocalPosition.z
      value: 0.55
      objectReference: {fileID: 0}
    - target: {fileID: 4244796402347136, guid: a7633dea0e88a9d4ab7b24266d5ba7aa, type: 2}
      propertyPath: m_LocalRotation.x
      value: -0
      objectReference: {fileID: 0}
    - target: {fileID: 4244796402347136, guid: a7633dea0e88a9d4ab7b24266d5ba7aa, type: 2}
      propertyPath: m_LocalRotation.y
      value: -0
      objectReference: {fileID: 0}
    - target: {fileID: 4244796402347136, guid: a7633dea0e88a9d4ab7b24266d5ba7aa, type: 2}
      propertyPath: m_LocalRotation.z
      value: -0
      objectReference: {fileID: 0}
    - target: {fileID: 4244796402347136, guid: a7633dea0e88a9d4ab7b24266d5ba7aa, type: 2}
      propertyPath: m_LocalRotation.w
      value: 1
      objectReference: {fileID: 0}
    - target: {fileID: 4244796402347136, guid: a7633dea0e88a9d4ab7b24266d5ba7aa, type: 2}
      propertyPath: m_RootOrder
      value: 8
      objectReference: {fileID: 0}
    - target: {fileID: 1435576565161976, guid: a7633dea0e88a9d4ab7b24266d5ba7aa, type: 2}
      propertyPath: m_Name
      value: Drum (2)
      objectReference: {fileID: 0}
    - target: {fileID: 114034683369423400, guid: a7633dea0e88a9d4ab7b24266d5ba7aa,
        type: 2}
      propertyPath: laneManager
      value: 
      objectReference: {fileID: 1986122289}
    m_RemovedComponents: []
  m_ParentPrefab: {fileID: 100100000, guid: a7633dea0e88a9d4ab7b24266d5ba7aa, type: 2}
  m_IsPrefabParent: 0
--- !u!114 &724357529 stripped
MonoBehaviour:
  m_PrefabParentObject: {fileID: 114733341153257056, guid: b30afde98bc41a444b20e6a2c872d2b2,
    type: 2}
  m_PrefabInternal: {fileID: 590404130}
  m_Script: {fileID: 11500000, guid: 882c0b74cfead984aa6388edfc6d84fe, type: 3}
--- !u!1001 &727386287
Prefab:
  m_ObjectHideFlags: 0
  serializedVersion: 2
  m_Modification:
    m_TransformParent: {fileID: 0}
    m_Modifications:
    - target: {fileID: 4642076455323656, guid: b30afde98bc41a444b20e6a2c872d2b2, type: 2}
      propertyPath: m_LocalPosition.x
      value: -0.5
      objectReference: {fileID: 0}
    - target: {fileID: 4642076455323656, guid: b30afde98bc41a444b20e6a2c872d2b2, type: 2}
      propertyPath: m_LocalPosition.y
      value: 0
      objectReference: {fileID: 0}
    - target: {fileID: 4642076455323656, guid: b30afde98bc41a444b20e6a2c872d2b2, type: 2}
      propertyPath: m_LocalPosition.z
      value: 0.5
      objectReference: {fileID: 0}
    - target: {fileID: 4642076455323656, guid: b30afde98bc41a444b20e6a2c872d2b2, type: 2}
      propertyPath: m_LocalRotation.x
      value: 0
      objectReference: {fileID: 0}
    - target: {fileID: 4642076455323656, guid: b30afde98bc41a444b20e6a2c872d2b2, type: 2}
      propertyPath: m_LocalRotation.y
      value: -0.21643952
      objectReference: {fileID: 0}
    - target: {fileID: 4642076455323656, guid: b30afde98bc41a444b20e6a2c872d2b2, type: 2}
      propertyPath: m_LocalRotation.z
      value: 0
      objectReference: {fileID: 0}
    - target: {fileID: 4642076455323656, guid: b30afde98bc41a444b20e6a2c872d2b2, type: 2}
      propertyPath: m_LocalRotation.w
      value: 0.97629607
      objectReference: {fileID: 0}
    - target: {fileID: 4642076455323656, guid: b30afde98bc41a444b20e6a2c872d2b2, type: 2}
      propertyPath: m_RootOrder
      value: 3
      objectReference: {fileID: 0}
    - target: {fileID: 1305546077968018, guid: b30afde98bc41a444b20e6a2c872d2b2, type: 2}
      propertyPath: m_Name
      value: Lane (1)
      objectReference: {fileID: 0}
    - target: {fileID: 4642076455323656, guid: b30afde98bc41a444b20e6a2c872d2b2, type: 2}
      propertyPath: m_LocalEulerAnglesHint.y
      value: -25
      objectReference: {fileID: 0}
    - target: {fileID: 4642076455323656, guid: b30afde98bc41a444b20e6a2c872d2b2, type: 2}
      propertyPath: m_LocalScale.x
      value: 0.8
      objectReference: {fileID: 0}
    - target: {fileID: 4642076455323656, guid: b30afde98bc41a444b20e6a2c872d2b2, type: 2}
      propertyPath: m_LocalScale.y
      value: 0.8
      objectReference: {fileID: 0}
    - target: {fileID: 4642076455323656, guid: b30afde98bc41a444b20e6a2c872d2b2, type: 2}
      propertyPath: m_LocalScale.z
      value: 0.8
      objectReference: {fileID: 0}
    m_RemovedComponents: []
  m_ParentPrefab: {fileID: 100100000, guid: b30afde98bc41a444b20e6a2c872d2b2, type: 2}
  m_IsPrefabParent: 0
--- !u!1001 &743853055
Prefab:
  m_ObjectHideFlags: 0
  serializedVersion: 2
  m_Modification:
    m_TransformParent: {fileID: 0}
    m_Modifications:
    - target: {fileID: 4642076455323656, guid: b30afde98bc41a444b20e6a2c872d2b2, type: 2}
      propertyPath: m_LocalPosition.x
      value: -0.95
      objectReference: {fileID: 0}
    - target: {fileID: 4642076455323656, guid: b30afde98bc41a444b20e6a2c872d2b2, type: 2}
      propertyPath: m_LocalPosition.y
      value: 0
      objectReference: {fileID: 0}
    - target: {fileID: 4642076455323656, guid: b30afde98bc41a444b20e6a2c872d2b2, type: 2}
      propertyPath: m_LocalPosition.z
      value: 0.45
      objectReference: {fileID: 0}
    - target: {fileID: 4642076455323656, guid: b30afde98bc41a444b20e6a2c872d2b2, type: 2}
      propertyPath: m_LocalRotation.x
      value: 0
      objectReference: {fileID: 0}
    - target: {fileID: 4642076455323656, guid: b30afde98bc41a444b20e6a2c872d2b2, type: 2}
      propertyPath: m_LocalRotation.y
      value: -0.5735764
      objectReference: {fileID: 0}
    - target: {fileID: 4642076455323656, guid: b30afde98bc41a444b20e6a2c872d2b2, type: 2}
      propertyPath: m_LocalRotation.z
      value: 0
      objectReference: {fileID: 0}
    - target: {fileID: 4642076455323656, guid: b30afde98bc41a444b20e6a2c872d2b2, type: 2}
      propertyPath: m_LocalRotation.w
      value: 0.8191521
      objectReference: {fileID: 0}
    - target: {fileID: 4642076455323656, guid: b30afde98bc41a444b20e6a2c872d2b2, type: 2}
      propertyPath: m_RootOrder
      value: 2
      objectReference: {fileID: 0}
    - target: {fileID: 4642076455323656, guid: b30afde98bc41a444b20e6a2c872d2b2, type: 2}
      propertyPath: m_LocalScale.x
      value: 0.8
      objectReference: {fileID: 0}
    - target: {fileID: 4642076455323656, guid: b30afde98bc41a444b20e6a2c872d2b2, type: 2}
      propertyPath: m_LocalScale.y
      value: 0.8
      objectReference: {fileID: 0}
    - target: {fileID: 4642076455323656, guid: b30afde98bc41a444b20e6a2c872d2b2, type: 2}
      propertyPath: m_LocalScale.z
      value: 0.8
      objectReference: {fileID: 0}
    - target: {fileID: 4642076455323656, guid: b30afde98bc41a444b20e6a2c872d2b2, type: 2}
      propertyPath: m_LocalEulerAnglesHint.y
      value: -70
      objectReference: {fileID: 0}
    m_RemovedComponents: []
  m_ParentPrefab: {fileID: 100100000, guid: b30afde98bc41a444b20e6a2c872d2b2, type: 2}
  m_IsPrefabParent: 0
--- !u!1001 &819646862
Prefab:
  m_ObjectHideFlags: 0
  serializedVersion: 2
  m_Modification:
    m_TransformParent: {fileID: 0}
    m_Modifications:
    - target: {fileID: 420908, guid: 4d293c8e162f3874b982baadd71153d2, type: 2}
      propertyPath: m_LocalPosition.x
      value: 0
      objectReference: {fileID: 0}
    - target: {fileID: 420908, guid: 4d293c8e162f3874b982baadd71153d2, type: 2}
      propertyPath: m_LocalPosition.y
      value: 0
      objectReference: {fileID: 0}
    - target: {fileID: 420908, guid: 4d293c8e162f3874b982baadd71153d2, type: 2}
      propertyPath: m_LocalPosition.z
      value: 0.09
      objectReference: {fileID: 0}
    - target: {fileID: 420908, guid: 4d293c8e162f3874b982baadd71153d2, type: 2}
      propertyPath: m_LocalRotation.x
      value: 0
      objectReference: {fileID: 0}
    - target: {fileID: 420908, guid: 4d293c8e162f3874b982baadd71153d2, type: 2}
      propertyPath: m_LocalRotation.y
      value: 0
      objectReference: {fileID: 0}
    - target: {fileID: 420908, guid: 4d293c8e162f3874b982baadd71153d2, type: 2}
      propertyPath: m_LocalRotation.z
      value: 0
      objectReference: {fileID: 0}
    - target: {fileID: 420908, guid: 4d293c8e162f3874b982baadd71153d2, type: 2}
      propertyPath: m_LocalRotation.w
      value: 1
      objectReference: {fileID: 0}
    - target: {fileID: 420908, guid: 4d293c8e162f3874b982baadd71153d2, type: 2}
      propertyPath: m_RootOrder
      value: 0
      objectReference: {fileID: 0}
    - target: {fileID: 3380982, guid: 4d293c8e162f3874b982baadd71153d2, type: 2}
      propertyPath: m_Mesh
      value: 
      objectReference: {fileID: 912969816}
    - target: {fileID: 2348914, guid: 4d293c8e162f3874b982baadd71153d2, type: 2}
      propertyPath: m_Materials.Array.data[0]
      value: 
      objectReference: {fileID: 1240537401}
    - target: {fileID: 11417306, guid: 4d293c8e162f3874b982baadd71153d2, type: 2}
      propertyPath: m_Enabled
      value: 0
      objectReference: {fileID: 0}
    - target: {fileID: 478542, guid: 4d293c8e162f3874b982baadd71153d2, type: 2}
      propertyPath: m_RootOrder
      value: 0
      objectReference: {fileID: 0}
    - target: {fileID: 11417168, guid: 4d293c8e162f3874b982baadd71153d2, type: 2}
      propertyPath: m_Enabled
      value: 0
      objectReference: {fileID: 0}
    m_RemovedComponents:
    - {fileID: 11420968, guid: 4d293c8e162f3874b982baadd71153d2, type: 2}
    - {fileID: 11411836, guid: 4d293c8e162f3874b982baadd71153d2, type: 2}
  m_ParentPrefab: {fileID: 100100000, guid: 4d293c8e162f3874b982baadd71153d2, type: 2}
  m_IsPrefabParent: 0
--- !u!1 &899686995
GameObject:
  m_ObjectHideFlags: 0
  m_PrefabParentObject: {fileID: 0}
  m_PrefabInternal: {fileID: 0}
  serializedVersion: 5
  m_Component:
  - component: {fileID: 899686997}
  - component: {fileID: 899686996}
  m_Layer: 0
  m_Name: Directional Light
  m_TagString: Untagged
  m_Icon: {fileID: 0}
  m_NavMeshLayer: 0
  m_StaticEditorFlags: 0
  m_IsActive: 1
--- !u!108 &899686996
Light:
  m_ObjectHideFlags: 0
  m_PrefabParentObject: {fileID: 0}
  m_PrefabInternal: {fileID: 0}
  m_GameObject: {fileID: 899686995}
  m_Enabled: 1
  serializedVersion: 8
  m_Type: 1
  m_Color: {r: 1, g: 0.95686275, b: 0.8392157, a: 1}
  m_Intensity: 1
  m_Range: 10
  m_SpotAngle: 30
  m_CookieSize: 10
  m_Shadows:
    m_Type: 2
    m_Resolution: -1
    m_CustomResolution: -1
    m_Strength: 1
    m_Bias: 0.05
    m_NormalBias: 0.4
    m_NearPlane: 0.2
  m_Cookie: {fileID: 0}
  m_DrawHalo: 0
  m_Flare: {fileID: 0}
  m_RenderMode: 0
  m_CullingMask:
    serializedVersion: 2
    m_Bits: 4294967295
  m_Lightmapping: 4
  m_AreaSize: {x: 1, y: 1}
  m_BounceIntensity: 1
  m_ColorTemperature: 6570
  m_UseColorTemperature: 0
  m_ShadowRadius: 0
  m_ShadowAngle: 0
--- !u!4 &899686997
Transform:
  m_ObjectHideFlags: 0
  m_PrefabParentObject: {fileID: 0}
  m_PrefabInternal: {fileID: 0}
  m_GameObject: {fileID: 899686995}
  m_LocalRotation: {x: 0.40821788, y: -0.23456968, z: 0.10938163, w: 0.8754261}
  m_LocalPosition: {x: 0, y: 3, z: 0}
  m_LocalScale: {x: 1, y: 1, z: 1}
  m_Children: []
  m_Father: {fileID: 0}
  m_RootOrder: 1
  m_LocalEulerAnglesHint: {x: 50, y: -30, z: 0}
--- !u!43 &912969816
Mesh:
  m_ObjectHideFlags: 0
  m_PrefabParentObject: {fileID: 0}
  m_PrefabInternal: {fileID: 0}
  m_Name: 
  serializedVersion: 8
  m_SubMeshes:
  - serializedVersion: 2
    firstByte: 0
    indexCount: 24
    topology: 0
    firstVertex: 0
    vertexCount: 8
    localAABB:
      m_Center: {x: 0, y: 0.01, z: 0}
      m_Extent: {x: 1.65, y: 0, z: 1.275}
  m_Shapes:
    vertices: []
    shapes: []
    channels: []
    fullWeights: []
  m_BindPose: []
  m_BoneNameHashes: 
  m_RootBoneNameHash: 0
  m_MeshCompression: 0
  m_IsReadable: 1
  m_KeepVertices: 1
  m_KeepIndices: 1
  m_IndexBuffer: 000004000100010004000500010005000200020005000600020006000300030006000700030007000000000007000400
  m_Skin: []
  m_VertexData:
    m_CurrentChannels: 13
    m_VertexCount: 8
    m_Channels:
    - stream: 0
      offset: 0
      format: 0
      dimension: 3
    - stream: 0
      offset: 0
      format: 0
      dimension: 0
    - stream: 0
      offset: 12
      format: 0
      dimension: 4
    - stream: 0
      offset: 28
      format: 0
      dimension: 2
    - stream: 0
      offset: 0
      format: 0
      dimension: 0
    - stream: 0
      offset: 0
      format: 0
      dimension: 0
    - stream: 0
      offset: 0
      format: 0
      dimension: 0
    - stream: 0
      offset: 0
      format: 0
      dimension: 0
    m_DataSize: 288
    _typelessdata: 0000c03f0ad7233c0000903f000000000000803f0000803f0000803f00000000000000000000c03f0ad7233c000090bf000000000000803f0000803f0000803f0000803f000000000000c0bf0ad7233c000090bf000000000000803f0000803f0000803f00000000000000000000c0bf0ad7233c0000903f000000000000803f0000803f0000803f0000803f000000003333d33f0ad7233c3333a33f000000000000803f0000803f00000000000000000000803f3333d33f0ad7233c3333a3bf000000000000803f0000803f000000000000803f0000803f3333d3bf0ad7233c3333a3bf000000000000803f0000803f00000000000000000000803f3333d3bf0ad7233c3333a33f000000000000803f0000803f000000000000803f0000803f
  m_CompressedMesh:
    m_Vertices:
      m_NumItems: 0
      m_Range: 0
      m_Start: 0
      m_Data: 
      m_BitSize: 0
    m_UV:
      m_NumItems: 0
      m_Range: 0
      m_Start: 0
      m_Data: 
      m_BitSize: 0
    m_Normals:
      m_NumItems: 0
      m_Range: 0
      m_Start: 0
      m_Data: 
      m_BitSize: 0
    m_Tangents:
      m_NumItems: 0
      m_Range: 0
      m_Start: 0
      m_Data: 
      m_BitSize: 0
    m_Weights:
      m_NumItems: 0
      m_Data: 
      m_BitSize: 0
    m_NormalSigns:
      m_NumItems: 0
      m_Data: 
      m_BitSize: 0
    m_TangentSigns:
      m_NumItems: 0
      m_Data: 
      m_BitSize: 0
    m_FloatColors:
      m_NumItems: 0
      m_Range: 0
      m_Start: 0
      m_Data: 
      m_BitSize: 0
    m_BoneIndices:
      m_NumItems: 0
      m_Data: 
      m_BitSize: 0
    m_Triangles:
      m_NumItems: 0
      m_Data: 
      m_BitSize: 0
    m_UVInfo: 0
  m_LocalAABB:
    m_Center: {x: 0, y: 0.01, z: 0}
    m_Extent: {x: 1.65, y: 0, z: 1.275}
  m_MeshUsageFlags: 0
  m_BakedConvexCollisionMesh: 
  m_BakedTriangleCollisionMesh: 
  m_MeshOptimized: 0
--- !u!1001 &1018523605
Prefab:
  m_ObjectHideFlags: 0
  serializedVersion: 2
  m_Modification:
    m_TransformParent: {fileID: 0}
    m_Modifications:
    - target: {fileID: 4244796402347136, guid: a7633dea0e88a9d4ab7b24266d5ba7aa, type: 2}
      propertyPath: m_LocalPosition.x
      value: 0.75
      objectReference: {fileID: 0}
    - target: {fileID: 4244796402347136, guid: a7633dea0e88a9d4ab7b24266d5ba7aa, type: 2}
      propertyPath: m_LocalPosition.y
      value: 0.6
      objectReference: {fileID: 0}
    - target: {fileID: 4244796402347136, guid: a7633dea0e88a9d4ab7b24266d5ba7aa, type: 2}
      propertyPath: m_LocalPosition.z
      value: 0.2
      objectReference: {fileID: 0}
    - target: {fileID: 4244796402347136, guid: a7633dea0e88a9d4ab7b24266d5ba7aa, type: 2}
      propertyPath: m_LocalRotation.x
      value: -0
      objectReference: {fileID: 0}
    - target: {fileID: 4244796402347136, guid: a7633dea0e88a9d4ab7b24266d5ba7aa, type: 2}
      propertyPath: m_LocalRotation.y
      value: -0
      objectReference: {fileID: 0}
    - target: {fileID: 4244796402347136, guid: a7633dea0e88a9d4ab7b24266d5ba7aa, type: 2}
      propertyPath: m_LocalRotation.z
      value: -0
      objectReference: {fileID: 0}
    - target: {fileID: 4244796402347136, guid: a7633dea0e88a9d4ab7b24266d5ba7aa, type: 2}
      propertyPath: m_LocalRotation.w
      value: 1
      objectReference: {fileID: 0}
    - target: {fileID: 4244796402347136, guid: a7633dea0e88a9d4ab7b24266d5ba7aa, type: 2}
      propertyPath: m_RootOrder
      value: 9
      objectReference: {fileID: 0}
    - target: {fileID: 1435576565161976, guid: a7633dea0e88a9d4ab7b24266d5ba7aa, type: 2}
      propertyPath: m_Name
      value: Drum (3)
      objectReference: {fileID: 0}
    - target: {fileID: 65484279682943640, guid: a7633dea0e88a9d4ab7b24266d5ba7aa,
        type: 2}
      propertyPath: m_IsTrigger
      value: 1
      objectReference: {fileID: 0}
    - target: {fileID: 4244796402347136, guid: a7633dea0e88a9d4ab7b24266d5ba7aa, type: 2}
      propertyPath: m_LocalScale.x
      value: 0.8
      objectReference: {fileID: 0}
    - target: {fileID: 4244796402347136, guid: a7633dea0e88a9d4ab7b24266d5ba7aa, type: 2}
      propertyPath: m_LocalScale.y
      value: 0.8
      objectReference: {fileID: 0}
    - target: {fileID: 4244796402347136, guid: a7633dea0e88a9d4ab7b24266d5ba7aa, type: 2}
      propertyPath: m_LocalScale.z
      value: 0.8
      objectReference: {fileID: 0}
    m_RemovedComponents:
    - {fileID: 114034683369423400, guid: a7633dea0e88a9d4ab7b24266d5ba7aa, type: 2}
  m_ParentPrefab: {fileID: 100100000, guid: a7633dea0e88a9d4ab7b24266d5ba7aa, type: 2}
  m_IsPrefabParent: 0
--- !u!1 &1018523606 stripped
GameObject:
  m_PrefabParentObject: {fileID: 1995979100596960, guid: a7633dea0e88a9d4ab7b24266d5ba7aa,
    type: 2}
  m_PrefabInternal: {fileID: 1018523605}
--- !u!114 &1018523607
MonoBehaviour:
  m_ObjectHideFlags: 0
  m_PrefabParentObject: {fileID: 0}
  m_PrefabInternal: {fileID: 0}
  m_GameObject: {fileID: 1018523606}
  m_Enabled: 1
  m_EditorHideFlags: 0
  m_Script: {fileID: 11500000, guid: 755aedd0f5d427640b7b7d548ac5e83e, type: 3}
  m_Name: 
  m_EditorClassIdentifier: 
  laneManager: {fileID: 724357529}
--- !u!54 &1018523608
Rigidbody:
  m_ObjectHideFlags: 0
  m_PrefabParentObject: {fileID: 0}
  m_PrefabInternal: {fileID: 0}
  m_GameObject: {fileID: 1018523606}
  serializedVersion: 2
  m_Mass: 1
  m_Drag: 0
  m_AngularDrag: 0.05
  m_UseGravity: 0
  m_IsKinematic: 1
  m_Interpolate: 0
  m_Constraints: 0
  m_CollisionDetection: 0
--- !u!4 &1049497775 stripped
Transform:
  m_PrefabParentObject: {fileID: 408470, guid: 4d293c8e162f3874b982baadd71153d2, type: 2}
  m_PrefabInternal: {fileID: 819646862}
--- !u!4 &1165371688 stripped
Transform:
  m_PrefabParentObject: {fileID: 458974, guid: 4d293c8e162f3874b982baadd71153d2, type: 2}
  m_PrefabInternal: {fileID: 819646862}
--- !u!1001 &1210046392
Prefab:
  m_ObjectHideFlags: 0
  serializedVersion: 2
  m_Modification:
    m_TransformParent: {fileID: 0}
    m_Modifications:
    - target: {fileID: 4244796402347136, guid: a7633dea0e88a9d4ab7b24266d5ba7aa, type: 2}
      propertyPath: m_LocalPosition.x
      value: -0.75
      objectReference: {fileID: 0}
    - target: {fileID: 4244796402347136, guid: a7633dea0e88a9d4ab7b24266d5ba7aa, type: 2}
      propertyPath: m_LocalPosition.y
      value: 0.6
      objectReference: {fileID: 0}
    - target: {fileID: 4244796402347136, guid: a7633dea0e88a9d4ab7b24266d5ba7aa, type: 2}
      propertyPath: m_LocalPosition.z
      value: 0.2
      objectReference: {fileID: 0}
    - target: {fileID: 4244796402347136, guid: a7633dea0e88a9d4ab7b24266d5ba7aa, type: 2}
      propertyPath: m_LocalRotation.x
      value: -0
      objectReference: {fileID: 0}
    - target: {fileID: 4244796402347136, guid: a7633dea0e88a9d4ab7b24266d5ba7aa, type: 2}
      propertyPath: m_LocalRotation.y
      value: -0
      objectReference: {fileID: 0}
    - target: {fileID: 4244796402347136, guid: a7633dea0e88a9d4ab7b24266d5ba7aa, type: 2}
      propertyPath: m_LocalRotation.z
      value: -0
      objectReference: {fileID: 0}
    - target: {fileID: 4244796402347136, guid: a7633dea0e88a9d4ab7b24266d5ba7aa, type: 2}
      propertyPath: m_LocalRotation.w
      value: 1
      objectReference: {fileID: 0}
    - target: {fileID: 4244796402347136, guid: a7633dea0e88a9d4ab7b24266d5ba7aa, type: 2}
      propertyPath: m_RootOrder
      value: 6
      objectReference: {fileID: 0}
    - target: {fileID: 114034683369423400, guid: a7633dea0e88a9d4ab7b24266d5ba7aa,
        type: 2}
      propertyPath: laneManager
      value: 
      objectReference: {fileID: 419390976}
    m_RemovedComponents: []
  m_ParentPrefab: {fileID: 100100000, guid: a7633dea0e88a9d4ab7b24266d5ba7aa, type: 2}
  m_IsPrefabParent: 0
--- !u!1 &1223730901 stripped
GameObject:
  m_PrefabParentObject: {fileID: 189822, guid: 4d293c8e162f3874b982baadd71153d2, type: 2}
  m_PrefabInternal: {fileID: 819646862}
--- !u!114 &1223730903
MonoBehaviour:
  m_ObjectHideFlags: 0
  m_PrefabParentObject: {fileID: 0}
  m_PrefabInternal: {fileID: 0}
  m_GameObject: {fileID: 1223730901}
  m_Enabled: 1
  m_EditorHideFlags: 0
  m_Script: {fileID: 11500000, guid: 6bca9ccf900ccc84c887d783321d27e2, type: 3}
  m_Name: 
  m_EditorClassIdentifier: 
  _head: {fileID: 1049497775}
  _ears: {fileID: 1583515798}
  wireframe: 0
--- !u!114 &1223730906
MonoBehaviour:
  m_ObjectHideFlags: 0
  m_PrefabParentObject: {fileID: 0}
  m_PrefabInternal: {fileID: 0}
  m_GameObject: {fileID: 1223730901}
  m_Enabled: 1
  m_EditorHideFlags: 0
  m_Script: {fileID: 11500000, guid: b61cd59d8f02e454186a61a5f55c21b9, type: 3}
  m_Name: 
  m_EditorClassIdentifier: 
--- !u!21 &1240537401
Material:
  serializedVersion: 6
  m_ObjectHideFlags: 0
  m_PrefabParentObject: {fileID: 0}
  m_PrefabInternal: {fileID: 0}
  m_Name: Sprites/Default
  m_Shader: {fileID: 10753, guid: 0000000000000000f000000000000000, type: 0}
  m_ShaderKeywords: 
  m_LightmapFlags: 4
  m_EnableInstancingVariants: 0
  m_CustomRenderQueue: -1
  stringTagMap: {}
  disabledShaderPasses: []
  m_SavedProperties:
    serializedVersion: 3
    m_TexEnvs:
    - _AlphaTex:
        m_Texture: {fileID: 0}
        m_Scale: {x: 1, y: 1}
        m_Offset: {x: 0, y: 0}
    - _MainTex:
        m_Texture: {fileID: 0}
        m_Scale: {x: 1, y: 1}
        m_Offset: {x: 0, y: 0}
    m_Floats:
    - PixelSnap: 0
    - _EnableExternalAlpha: 0
    m_Colors:
    - _Color: {r: 1, g: 1, b: 1, a: 1}
    - _Flip: {r: 1, g: 1, b: 1, a: 1}
    - _RendererColor: {r: 1, g: 1, b: 1, a: 1}
--- !u!1 &1564798883
GameObject:
  m_ObjectHideFlags: 0
  m_PrefabParentObject: {fileID: 0}
  m_PrefabInternal: {fileID: 0}
  serializedVersion: 5
  m_Component:
  - component: {fileID: 1564798886}
  - component: {fileID: 1564798885}
  - component: {fileID: 1564798884}
  m_Layer: 0
  m_Name: GameObject (1)
  m_TagString: Untagged
  m_Icon: {fileID: 0}
  m_NavMeshLayer: 0
  m_StaticEditorFlags: 0
  m_IsActive: 1
--- !u!114 &1564798884
MonoBehaviour:
  m_ObjectHideFlags: 0
  m_PrefabParentObject: {fileID: 0}
  m_PrefabInternal: {fileID: 0}
  m_GameObject: {fileID: 1564798883}
  m_Enabled: 1
  m_EditorHideFlags: 0
  m_Script: {fileID: 11500000, guid: 1b82ebd782eb38a439f5eae5c1bb0d43, type: 3}
  m_Name: 
  m_EditorClassIdentifier: 
  songName: Here It Goes Again
  difficultyStr: Easy
  lanes:
  - {fileID: 419390976}
  - {fileID: 1794062799}
  - {fileID: 1986122289}
  - {fileID: 724357529}
--- !u!82 &1564798885
AudioSource:
  m_ObjectHideFlags: 0
  m_PrefabParentObject: {fileID: 0}
  m_PrefabInternal: {fileID: 0}
  m_GameObject: {fileID: 1564798883}
  m_Enabled: 1
  serializedVersion: 4
  OutputAudioMixerGroup: {fileID: 0}
  m_audioClip: {fileID: 8300000, guid: be3dd8ef24004c04e858937149aa798d, type: 3}
  m_PlayOnAwake: 0
  m_Volume: 0.5
  m_Pitch: 1
  Loop: 0
  Mute: 0
  Spatialize: 0
  SpatializePostEffects: 0
  Priority: 50
  DopplerLevel: 1
  MinDistance: 1
  MaxDistance: 500
  Pan2D: 0
  rolloffMode: 0
  BypassEffects: 0
  BypassListenerEffects: 0
  BypassReverbZones: 0
  rolloffCustomCurve:
    serializedVersion: 2
    m_Curve:
    - serializedVersion: 2
      time: 0
      value: 1
      inSlope: 0
      outSlope: 0
      tangentMode: 0
    - serializedVersion: 2
      time: 1
      value: 0
      inSlope: 0
      outSlope: 0
      tangentMode: 0
    m_PreInfinity: 2
    m_PostInfinity: 2
    m_RotationOrder: 4
  panLevelCustomCurve:
    serializedVersion: 2
    m_Curve:
    - serializedVersion: 2
      time: 0
      value: 0
      inSlope: 0
      outSlope: 0
      tangentMode: 0
    m_PreInfinity: 2
    m_PostInfinity: 2
    m_RotationOrder: 0
  spreadCustomCurve:
    serializedVersion: 2
    m_Curve:
    - serializedVersion: 2
      time: 0
      value: 0
      inSlope: 0
      outSlope: 0
      tangentMode: 0
    m_PreInfinity: 2
    m_PostInfinity: 2
    m_RotationOrder: 0
  reverbZoneMixCustomCurve:
    serializedVersion: 2
    m_Curve:
    - serializedVersion: 2
      time: 0
      value: 1
      inSlope: 0
      outSlope: 0
      tangentMode: 0
    m_PreInfinity: 2
    m_PostInfinity: 2
    m_RotationOrder: 0
--- !u!4 &1564798886
Transform:
  m_ObjectHideFlags: 0
  m_PrefabParentObject: {fileID: 0}
  m_PrefabInternal: {fileID: 0}
  m_GameObject: {fileID: 1564798883}
  m_LocalRotation: {x: -0, y: -0, z: -0, w: 1}
  m_LocalPosition: {x: 0, y: 0, z: 0}
  m_LocalScale: {x: 1, y: 1, z: 1}
  m_Children:
  - {fileID: 1631277707}
  m_Father: {fileID: 0}
  m_RootOrder: 10
  m_LocalEulerAnglesHint: {x: 0, y: 0, z: 0}
--- !u!4 &1583515798 stripped
Transform:
  m_PrefabParentObject: {fileID: 439042, guid: 4d293c8e162f3874b982baadd71153d2, type: 2}
  m_PrefabInternal: {fileID: 819646862}
--- !u!1 &1631277706
GameObject:
  m_ObjectHideFlags: 0
  m_PrefabParentObject: {fileID: 0}
  m_PrefabInternal: {fileID: 0}
  serializedVersion: 5
  m_Component:
  - component: {fileID: 1631277707}
  - component: {fileID: 1631277709}
  - component: {fileID: 1631277708}
  m_Layer: 0
  m_Name: Sphere
  m_TagString: Untagged
  m_Icon: {fileID: 0}
  m_NavMeshLayer: 0
  m_StaticEditorFlags: 0
  m_IsActive: 0
--- !u!4 &1631277707
Transform:
  m_ObjectHideFlags: 0
  m_PrefabParentObject: {fileID: 0}
  m_PrefabInternal: {fileID: 0}
  m_GameObject: {fileID: 1631277706}
  m_LocalRotation: {x: -0, y: -0, z: -0, w: 1}
  m_LocalPosition: {x: 0, y: 0, z: 0}
  m_LocalScale: {x: 1, y: 1, z: 1}
  m_Children: []
  m_Father: {fileID: 1564798886}
  m_RootOrder: 0
  m_LocalEulerAnglesHint: {x: 0, y: 0, z: 0}
--- !u!23 &1631277708
MeshRenderer:
  m_ObjectHideFlags: 0
  m_PrefabParentObject: {fileID: 0}
  m_PrefabInternal: {fileID: 0}
  m_GameObject: {fileID: 1631277706}
  m_Enabled: 1
  m_CastShadows: 1
  m_ReceiveShadows: 1
  m_MotionVectors: 1
  m_LightProbeUsage: 1
  m_ReflectionProbeUsage: 1
  m_Materials:
  - {fileID: 10303, guid: 0000000000000000f000000000000000, type: 0}
  m_StaticBatchInfo:
    firstSubMesh: 0
    subMeshCount: 0
  m_StaticBatchRoot: {fileID: 0}
  m_ProbeAnchor: {fileID: 0}
  m_LightProbeVolumeOverride: {fileID: 0}
  m_ScaleInLightmap: 1
  m_PreserveUVs: 1
  m_IgnoreNormalsForChartDetection: 0
  m_ImportantGI: 0
  m_SelectedEditorRenderState: 3
  m_MinimumChartSize: 4
  m_AutoUVMaxDistance: 0.5
  m_AutoUVMaxAngle: 89
  m_LightmapParameters: {fileID: 0}
  m_SortingLayerID: 0
  m_SortingLayer: 0
  m_SortingOrder: 0
--- !u!33 &1631277709
MeshFilter:
  m_ObjectHideFlags: 0
  m_PrefabParentObject: {fileID: 0}
  m_PrefabInternal: {fileID: 0}
  m_GameObject: {fileID: 1631277706}
  m_Mesh: {fileID: 10207, guid: 0000000000000000e000000000000000, type: 0}
--- !u!114 &1794062799 stripped
MonoBehaviour:
  m_PrefabParentObject: {fileID: 114733341153257056, guid: b30afde98bc41a444b20e6a2c872d2b2,
    type: 2}
  m_PrefabInternal: {fileID: 727386287}
  m_Script: {fileID: 11500000, guid: 882c0b74cfead984aa6388edfc6d84fe, type: 3}
--- !u!114 &1986122289 stripped
MonoBehaviour:
  m_PrefabParentObject: {fileID: 114733341153257056, guid: b30afde98bc41a444b20e6a2c872d2b2,
    type: 2}
  m_PrefabInternal: {fileID: 2123382282}
  m_Script: {fileID: 11500000, guid: 882c0b74cfead984aa6388edfc6d84fe, type: 3}
--- !u!1 &2114102233 stripped
GameObject:
  m_PrefabParentObject: {fileID: 155680, guid: 4d293c8e162f3874b982baadd71153d2, type: 2}
  m_PrefabInternal: {fileID: 819646862}
--- !u!45 &2114102234
Skybox:
  m_ObjectHideFlags: 0
  m_PrefabParentObject: {fileID: 0}
  m_PrefabInternal: {fileID: 0}
  m_GameObject: {fileID: 2114102233}
  m_Enabled: 1
  m_CustomSkybox: {fileID: 2100000, guid: b6a3f8bca2c865243929bac258c89b96, type: 2}
--- !u!1001 &2123382282
Prefab:
  m_ObjectHideFlags: 0
  serializedVersion: 2
  m_Modification:
    m_TransformParent: {fileID: 0}
    m_Modifications:
    - target: {fileID: 4642076455323656, guid: b30afde98bc41a444b20e6a2c872d2b2, type: 2}
      propertyPath: m_LocalPosition.x
      value: 0.5
      objectReference: {fileID: 0}
    - target: {fileID: 4642076455323656, guid: b30afde98bc41a444b20e6a2c872d2b2, type: 2}
      propertyPath: m_LocalPosition.y
      value: 0
      objectReference: {fileID: 0}
    - target: {fileID: 4642076455323656, guid: b30afde98bc41a444b20e6a2c872d2b2, type: 2}
      propertyPath: m_LocalPosition.z
      value: 0.5
      objectReference: {fileID: 0}
    - target: {fileID: 4642076455323656, guid: b30afde98bc41a444b20e6a2c872d2b2, type: 2}
      propertyPath: m_LocalRotation.x
      value: 0
      objectReference: {fileID: 0}
    - target: {fileID: 4642076455323656, guid: b30afde98bc41a444b20e6a2c872d2b2, type: 2}
      propertyPath: m_LocalRotation.y
      value: 0.2164396
      objectReference: {fileID: 0}
    - target: {fileID: 4642076455323656, guid: b30afde98bc41a444b20e6a2c872d2b2, type: 2}
      propertyPath: m_LocalRotation.z
      value: 0
      objectReference: {fileID: 0}
    - target: {fileID: 4642076455323656, guid: b30afde98bc41a444b20e6a2c872d2b2, type: 2}
      propertyPath: m_LocalRotation.w
      value: 0.97629607
      objectReference: {fileID: 0}
    - target: {fileID: 4642076455323656, guid: b30afde98bc41a444b20e6a2c872d2b2, type: 2}
      propertyPath: m_RootOrder
      value: 4
      objectReference: {fileID: 0}
    - target: {fileID: 1305546077968018, guid: b30afde98bc41a444b20e6a2c872d2b2, type: 2}
      propertyPath: m_Name
      value: Lane (2)
      objectReference: {fileID: 0}
    - target: {fileID: 4642076455323656, guid: b30afde98bc41a444b20e6a2c872d2b2, type: 2}
      propertyPath: m_LocalEulerAnglesHint.y
      value: 25
      objectReference: {fileID: 0}
    - target: {fileID: 4642076455323656, guid: b30afde98bc41a444b20e6a2c872d2b2, type: 2}
      propertyPath: m_LocalScale.x
      value: 0.8
      objectReference: {fileID: 0}
    - target: {fileID: 4642076455323656, guid: b30afde98bc41a444b20e6a2c872d2b2, type: 2}
      propertyPath: m_LocalScale.y
      value: 0.8
      objectReference: {fileID: 0}
    - target: {fileID: 4642076455323656, guid: b30afde98bc41a444b20e6a2c872d2b2, type: 2}
      propertyPath: m_LocalScale.z
      value: 0.8
      objectReference: {fileID: 0}
    m_RemovedComponents: []
  m_ParentPrefab: {fileID: 100100000, guid: b30afde98bc41a444b20e6a2c872d2b2, type: 2}
  m_IsPrefabParent: 0
